@article{DBLP:journals/corr/SuMKL15,
  author    = {Hang Su and
               Subhransu Maji and
               Evangelos Kalogerakis and
               Erik G. Learned{-}Miller},
  title     = {Multi-view Convolutional Neural Networks for 3D Shape Recognition},
  journal   = {CoRR},
  volume    = {abs/1505.00880},
  year      = {2015},
  url       = {http://arxiv.org/abs/1505.00880},
  timestamp = {Mon, 01 Jun 2015 14:13:54 +0200},
  biburl    = {http://dblp.uni-trier.de/rec/bib/journals/corr/SuMKL15},
  bibsource = {dblp computer science bibliography, http://dblp.org}
}

@article{DBLP:journals/corr/WuSKTX14,
  author    = {Zhirong Wu and
               Shuran Song and
               Aditya Khosla and
               Xiaoou Tang and
               Jianxiong Xiao},
  title     = {3D ShapeNets: A Deep Representation for Volumetric Shapes},
  journal   = {CoRR},
  volume    = {abs/1406.5670},
  year      = {2014},
  url       = {http://arxiv.org/abs/1406.5670},
  timestamp = {Tue, 01 Jul 2014 11:58:08 +0200},
  biburl    = {http://dblp.uni-trier.de/rec/bib/journals/corr/WuSKTX14},
  bibsource = {dblp computer science bibliography, http://dblp.org}
}

@article{DBLP:journals/corr/MnihKSGAWR13,
  author    = {Volodymyr Mnih and
               Koray Kavukcuoglu and
               David Silver and
               Alex Graves and
               Ioannis Antonoglou and
               Daan Wierstra and
               Martin A. Riedmiller},
  title     = {Playing Atari with Deep Reinforcement Learning},
  journal   = {CoRR},
  volume    = {abs/1312.5602},
  year      = {2013},
  url       = {http://arxiv.org/abs/1312.5602},
  timestamp = {Wed, 01 Apr 2015 20:06:15 +0200},
  biburl    = {http://dblp.uni-trier.de/rec/bib/journals/corr/MnihKSGAWR13},
  bibsource = {dblp computer science bibliography, http://dblp.org}
}

@article{DBLP:journals/corr/JayaramanG16,
  author    = {Dinesh Jayaraman and
               Kristen Grauman},
  title     = {Look-ahead before you leap: end-to-end active recognition by forecasting
               the effect of motion},
  journal   = {CoRR},
  volume    = {abs/1605.00164},
  year      = {2016},
  url       = {http://arxiv.org/abs/1605.00164},
  timestamp = {Wed, 01 Jun 2016 15:51:08 +0200},
  biburl    = {http://dblp.uni-trier.de/rec/bib/journals/corr/JayaramanG16},
  bibsource = {dblp computer science bibliography, http://dblp.org}
}

@article{DBLP:journals/corr/JohnsLD16,
  author    = {Edward Johns and
               Stefan Leutenegger and
               Andrew J. Davison},
  title     = {Pairwise Decomposition of Image Sequences for Active Multi-View Recognition},
  journal   = {CoRR},
  volume    = {abs/1605.08359},
  year      = {2016},
  url       = {http://arxiv.org/abs/1605.08359},
  timestamp = {Wed, 01 Jun 2016 15:51:07 +0200},
  biburl    = {http://dblp.uni-trier.de/rec/bib/journals/corr/JohnsLD16},
  bibsource = {dblp computer science bibliography, http://dblp.org}
}

